@online{go_docs,
  author = {Google},
  title = {Go Programming Language Documentation},
  year = {n.d.},
  url = {https://go.dev/doc/},
  note = {Abgerufen am 25. Januar 2025}
}

@online{libp2p_go_getting_started,
  author = {libp2p},
  title = {Run a go-libp2p node},
  url = {https://docs.libp2p.io/guides/getting-started/go},
  note = {Abgerufen am 25. Januar 2025}
}

@online{github_actions_docs,
  author = {GitHub, Inc.},
  title = {GitHub Actions documentation},
  url = {https://docs.github.com/en/actions},
  note = {Abgerufen am 1. Februar 2025}
}